@misc{fnc,
    author    = "Wolfram Research",
    title     = "Conjunctive Normal Form",
    url       = "http://mathworld.wolfram.com/ConjunctiveNormalForm.html"
}

@misc{sat,
    author    = "Wolfram Research",
    title     = "Satisfiability Problem",
    url       = "http://mathworld.wolfram.com/SatisfiabilityProblem.html"
}

@misc{bt,
    author    = "Wolfram Research",
    title     = "Backtracking",
    url       = "http://mathworld.wolfram.com/Backtracking.html"
}