@misc{nombres,
    author    = "Quora",
    title     = "What is the average length of first names in the {United States}?",
    howpublished = {\url{https://www.quora.com/What-is-the-average-length-of-first-names-in-the-United-States}}
}

@misc{arreglos,
    author    = "Hermann Krohn",
    title     = "Linked Lists vs. Arrays",
    howpublished = {\url{https://towardsdatascience.com/linked-lists-vs-arrays-78746f983267}},
}

@misc{listas,
    author    = "Kamal Choudhary",
    title     = "A Comprehensive Guide To Singly Linked List Using {C++}",
    howpublished = {\url{https://www.codementor.io/@codementorteam/a-comprehensive-guide-to-implementation-of-singly-linked-list-using-c_plus_plus-ondlm5azr}}
}

@misc{arrayVSlist,
    author    = "Kamal Choudhary",
    title     = "BÃºsqueda en google.com de \textit{static array vs linked list}",
    howpublished = {\url{https://www.google.com/search?q=static+array+vs+linked+list&oq=static+array+vs+linked+list&aqs=chrome..69i57.4785j0j1&sourceid=chrome&ie=UTF-8}}
}