@misc{greuler,
    author    = "{{Mauricio Poppe}}",
    title     = "{Greuler. Graph Theory Visualization}",
    howpublished = {\url{https://mauriciopoppe.github.io/greuler/}},
    note = "[Accedido 24/marzo/2020]"
}

@misc{binary_heap,
    author    = "{{GeeksforGeeks}}",
    title     = "{Binary heap}",
    howpublished = {\url{https://www.geeksforgeeks.org/binary-heap//}},
    note = "[Accedido 24/marzo/2020]"
}

@unpublished{aa,
    author    = "Elisa Schaeffer",
    title     = "{Complejidad computacional de problemas y el análisis y diseño de algoritmos}",
    year = {2019}, 
    note = "[No publicado]"
}