@misc{python-sort-complexity,
    author    = "{{David Rutter}}",
    title     = "{{What is the time complexity of the Python built-in sorted function?}}",
    howpublished = {\url{https://www.quora.com/What-is-the-time-complexity-of-the-Python-built-in-sorted-function/answer/David-Rutter-2}},
    note = "[Accedido 23/mayo/2020]",
    year = 2020
}

@misc{python-sort,
    author    = "{{The Python Software Foundation}}",
    title     = "{{Built-in types: sort}}",
    howpublished = {\url{https://docs.python.org/3/library/stdtypes.html?highlight=sort#list.sort}},
    note = "[Accedido 23/mayo/2020]",
    year = 2020
}

@unpublished{aa,
    author    = "Elisa Schaeffer",
    title     = "{Complejidad computacional de problemas y el análisis y diseño de algoritmos}",
    year = {2019},
    howpublished = {\url{https://elisa.dyndns-web.com/teaching/aa/2020.html}},
    note = "[No publicado]"
}