@misc{worst_merge,
    author    = "{{Morgan Wilde}}",
    title     = "{{When will the worst case of Merge Sort occur?}}",
    howpublished = {\url{https://stackoverflow.com/a/33409294}},
    note = "[Accedido 23/abril/2020]",
    year = 2020
}

@unpublished{aa,
    author    = "Elisa Schaeffer",
    title     = "{Complejidad computacional de problemas y el análisis y diseño de algoritmos}",
    year = {2019},
    howpublished = {\url{https://elisa.dyndns-web.com/teaching/aa/2020.html}},
    note = "[No publicado]"
}