@misc{string,
    author    = "{{Python Software Foundation}}",
    title     = "{\texttt{string} -- Common string operations}",
    howpublished = {\url{https://docs.python.org/3/library/string.html}},
    note = "[Accedido 16/abril/2020]",
    year = 2020
}

@misc{timeit,
    author    = "{{Python Software Foundation}}",
    title     = "{{\texttt{timeit} -- Measure execution time of small code snippets}}",
    howpublished = {\url{https://docs.python.org/3.8/library/timeit.html}},
    note = "[Accedido 16/abril/2020]",
    year = 2020
}

@unpublished{aa,
    author    = "Elisa Schaeffer",
    title     = "{Complejidad computacional de problemas y el análisis y diseño de algoritmos}",
    year = {2019},
    howpublished = {\url{https://elisa.dyndns-web.com/teaching/aa/2020.html}},
    note = "[No publicado]"
}