@misc{primality_tests,
    author    = "{Ben Lynn}",
    title     = "{{Primality Tests}}",
    howpublished = {\url{https://crypto.stanford.edu/pbc/notes/numbertheory/millerrabin.html}},
    note = "[Accedido 23/mayo/2020]",
    year = 2020
}

@unpublished{aa,
    author    = "Elisa Schaeffer",
    title     = "{Complejidad computacional de problemas y el análisis y diseño de algoritmos}",
    year = {2019},
    howpublished = {\url{https://elisa.dyndns-web.com/teaching/aa/2020.html}},
    note = "[No publicado]"
}