@misc{fibonacci_heap,
    author    = "{{Brilliant.org}}",
    title     = "{Fibonacci heap}",
    howpublished = {\url{https://brilliant.org/wiki/fibonacci-heap/}},
    note = "[Accedido 24/marzo/2020]"
}

@misc{binary_heap,
    author    = "{{GeeksforGeeks}}",
    title     = "{Binary heap}",
    howpublished = {\url{https://www.geeksforgeeks.org/binary-heap//}},
    note = "[Accedido 24/marzo/2020]"
}

@unpublished{aa,
    author    = "Elisa Schaeffer",
    title     = "{Complejidad computacional de problemas y el análisis y diseño de algoritmos}",
    year = {2019}, 
    note = "[No publicado]"
}