@misc{arboles_binarios,
    author    = "{{Matematicas Discretas}}",
    title     = "{Capítulo 12: TEORIA DE ARBOLES BINARIOS}",
    howpublished = {\url{https://medium.com/@matematicasdiscretaslibro/cap%C3%ADtulo-12-teoria-de-arboles-binarios-f731baf470c0}},
    year = {2017}, 
    note = "[Accedido 17/marzo/2020]"
}

@misc{python_slay_trees,
    author    = "Logan Ingalls",
    title     = "{Splay tree implementation in Python}",
    howpublished = {\url{https://gist.github.com/Plutor/3615362}},
    year = {2012}, 
    note = "[Accedido 17/marzo/2020]"
}

@misc{javascript_slay_trees,
    author    = "Elisa Schaeffer",
    title     = "{Árboles Binarios}",
    howpublished = {\url{https://elisa.dyndns-web.com/teaching/mat/discretas/ejemplos/arboles/arboles.html}},
    year = {2019}, 
    note = "[Accedido 17/marzo/2020]"
}

@misc{splay_uses,
    author    = "Shashank Singh",
    title     = "{What are some practical applications of AVL trees and splay trees?}",
    howpublished = {\url{https://www.quora.com/What-are-some-practical-applications-of-AVL-trees-and-splay-trees}},
    year = {2016}, 
    note = "[Accedido 17/marzo/2020]"
}