@misc{union-find,
    author    = "{{Morgan Wilde}}",
    title     = "{{Amortized analysis and Union--Find}}",
    howpublished = {\url{https://www.cs.upc.edu/~mjserna/docencia/grauA/T19/Union-Find.pdf}},
    note = "[Accedido 28/abril/2020]",
    year = 2020
}

@misc{amortized-analysis,
    author    = "{Cormen, Thomas and Leiserson, Charles and Rivest, Ronald and Stein, Clifford}",
    title     = "{{Lecture 11. Amortized analysis}}",
    howpublished = {\url{https://ocw.mit.edu/courses/electrical-engineering-and-computer-science/6-046j-design-and-analysis-of-algorithms-spring-2012/lecture-notes/MIT6_046JS12_lec11.pdf}},
    note = "[Accedido 25/abril/2020]",
    year = 2012
}

@unpublished{aa,
    author    = "Elisa Schaeffer",
    title     = "{Complejidad computacional de problemas y el análisis y diseño de algoritmos}",
    year = {2019},
    howpublished = {\url{https://elisa.dyndns-web.com/teaching/aa/2020.html}},
    note = "[No publicado]"
}